<?xml version="1.0" encoding="UTF-8"?>
<record xmlns="http://www.loc.gov/MARC21/slim" xmlns:xsi="http://www.w3.org/2001/XMLSchema-instance" xsi:schemaLocation="http://www.loc.gov/MARC21/slim http://www.loc.gov/standards/marcxml/schema/MARC21slim.xsd">
<leader>00000cam a22      i 4500</leader>
<controlfield tag="001">001150112</controlfield>
<controlfield tag="003">NNU</controlfield>
<controlfield tag="005">20120413123940.0</controlfield>
<controlfield tag="008">020726m19231955ua            000 0 ara d</controlfield>
<datafield tag="035" ind1=" " ind2=" ">
<subfield code="a">(OCoLC)50904850</subfield>
</datafield>
<datafield tag="040" ind1=" " ind2=" ">
<subfield code="a">NNU</subfield>
<subfield code="c">NNU</subfield>
</datafield>
<datafield tag="050" ind1=" " ind2="4">
<subfield code="a">AE90.A7</subfield>
<subfield code="b">N8</subfield>
</datafield>
<datafield tag="100" ind1="1" ind2=" ">
<subfield code="6">880-01</subfield>
<subfield code="a">Nuwayrī, Aḥmad ibn ʻAbd al-Wahhāb,</subfield>
<subfield code="d">1279-1333.</subfield>
</datafield>
<datafield tag="245" ind1="1" ind2="0">
<subfield code="6">880-02</subfield>
<subfield code="a">Nihāyat al-Arab fī funūn al-adāb /</subfield>
<subfield code="c">taʼlīf Shahāb al-Dīn Aḥmad ibn ʻAbd al-Wahhāb al-Nuwayrī.</subfield>
</datafield>
<datafield tag="260" ind1=" " ind2=" ">
<subfield code="6">880-03</subfield>
<subfield code="a">al-Qāhirah :</subfield>
<subfield code="b">Dār al-Kutub al-Miṣrīyah,</subfield>
<subfield code="c">1923-1955</subfield>
</datafield>
<datafield tag="300" ind1=" " ind2=" ">
<subfield code="a">18 v. in 16 ;</subfield>
<subfield code="c">26 cm.</subfield>
</datafield>
<datafield tag="500" ind1=" " ind2=" ">
<subfield code="a">A cyclopedia of learning</subfield>
</datafield>
<datafield tag="650" ind1=" " ind2="0">
<subfield code="a">Encyclopedias and dictionaries</subfield>
<subfield code="v">Early works to 1600.</subfield>
</datafield>
<datafield tag="650" ind1=" " ind2="0">
<subfield code="a">Encyclopedias and dictionaries, Arabic.</subfield>
</datafield>
<datafield tag="650" ind1=" " ind2="0">
<subfield code="a">Arabic literature</subfield>
<subfield code="x">History and criticism.</subfield>
</datafield>
<datafield tag="880" ind1="0" ind2=" ">
<subfield code="6">100-01/</subfield>
<subfield code="a">احمد بن عبد الوهاب النويرى.</subfield>
</datafield>
<datafield tag="880" ind1="1" ind2="0">
<subfield code="6">245-02/</subfield>
<subfield code="a">نهاية الارب فى فنون الادب /</subfield>
<subfield code="c">تاليف شهاب الدين احمد بن عبد الوهاب النويرى.</subfield>
</datafield>
<datafield tag="880" ind1=" " ind2=" ">
<subfield code="6">260-03/</subfield>
<subfield code="a">القاهرة ؛</subfield>
<subfield code="b">دار الكتب المصرية،</subfield>
<subfield code="c">1923-1955.</subfield>
</datafield>
<datafield tag="OWN" ind1=" " ind2=" ">
<subfield code="a">GENERAL</subfield>
</datafield>
<datafield tag="AVA" ind1=" " ind2=" ">
<subfield code="a">NYU50</subfield>
<subfield code="b">BOBST</subfield>
<subfield code="c">Main Collection</subfield>
<subfield code="d">AE90.A7 N8</subfield>
<subfield code="e">unavailable</subfield>
<subfield code="t">Unavailable</subfield>
<subfield code="f">10</subfield>
<subfield code="g">10</subfield>
<subfield code="h">Y</subfield>
<subfield code="i">1</subfield>
<subfield code="j">MAIN</subfield>
<subfield code="k">0</subfield>
</datafield>
</record>
